@misc{openCV,
author = {OpenCV team},
title = {OpenCV},
month = {Aug},
year = {2018},
url = {https://opencv.org/}
}

@misc{numpy,
author = {NumPy developers},
title = {Numpy},
month = {Aug},
year = {2018},
url = {http://www.numpy.org/}
}

@article{speechcommandsv2,
   author = {{Warden}, P.},
    title = "{Speech Commands: A Dataset for Limited-Vocabulary Speech Recognition}",
  journal = {ArXiv e-prints},
archivePrefix = "arXiv",
   eprint = {1804.03209},
 primaryClass = "cs.CL",
 keywords = {Computer Science - Computation and Language, Computer Science - Human-Computer Interaction},
     year = 2018,
    month = apr,
    url = {https://arxiv.org/abs/1804.03209},
}

@misc{keras,
  title={Keras},
  author={Chollet, Fran\c{c}ois and others},
  year={2015},
  howpublished={\url{https://keras.io}},
}

@Misc{scipy,
  author =    {Eric Jones and Travis Oliphant and Pearu Peterson and others},
  title =     {{SciPy}: Open source scientific tools for {Python}},
  year =      {2001--},
  url = "http://www.scipy.org/",
  note = {[Online; accessed <today>]}
}

@article{mobilenets,
  title={Mobilenets: Efficient convolutional neural networks for mobile vision applications},
  author={Howard, Andrew G and Zhu, Menglong and Chen, Bo and Kalenichenko, Dmitry and Wang, Weijun and Weyand, Tobias and Andreetto, Marco and Adam, Hartwig},
  journal={arXiv preprint arXiv:1704.04861},
  year={2017}
}

@inproceedings{relu,
 author = {Nair, Vinod and Hinton, Geoffrey E.},
 title = {Rectified Linear Units Improve Restricted Boltzmann Machines},
 booktitle = {Proceedings of the 27th International Conference on International Conference on Machine Learning},
 series = {ICML'10},
 year = {2010},
 isbn = {978-1-60558-907-7},
 location = {Haifa, Israel},
 pages = {807--814},
 numpages = {8},
 url = {http://dl.acm.org/citation.cfm?id=3104322.3104425},
 acmid = {3104425},
 publisher = {Omnipress},
 address = {USA},
} 

@article{batch,
  title={Batch normalization: Accelerating deep network training by reducing internal covariate shift},
  author={Ioffe, Sergey and Szegedy, Christian},
  journal={arXiv preprint arXiv:1502.03167},
  year={2015}
}

@inproceedings{imagenet,
        AUTHOR = {Deng, J. and Dong, W. and Socher, R. and Li, L.-J. and Li, K. and Fei-Fei, L.},
        TITLE = {{ImageNet: A Large-Scale Hierarchical Image Database}},
        BOOKTITLE = {CVPR09},
        YEAR = {2009},
        BIBSOURCE = "http://www.image-net.org/papers/imagenet_cvpr09.bib"}